@ARTICLE{Colen2016,
	author = {Colen, G. R. and Oliveira, L. G. and Vinck, A. J. H. and Ribeiro, M. V.},
	journal = {IEEE Trans. Commun.},
	title = {A Spectral Compressive Resource Allocation Technique for {PLC} Systems},
	year = {2017},
	month = {Feb.},
	volume = {65},
	number = {2},
	pages = {816-826}
},

@ARTICLE{Colen2014,
	author = {Ribeiro, M. V. and Colen, G. R. and de Campos, F. P. V. and Zhi Quan and Poor, H. V.},
	journal = {IET Commun.},
	title = {Clustered-orthogonal frequency division multiplexing for power line communication: When is it beneficial?},
	year = {2014},
	month = {Sep.},
	volume = {8},
	number = {13},
	pages = {2336-2347}
},

@ARTICLE{Choudhuri2014,
	author = {Choudhuri, C. and Mitra, U.},
	journal = {IEEE Trans. Inf. Theory},
	title = {Capacity bounds for relay channels with intersymbol interference and colored gaussian noise},
	year = {2014},
	month = {Sep.},
	volume = {60},
	number = {9},
	pages = {5639-5652}
},

@ARTICLE{Goldsmith2001,
	author = {Goldsmith, A. J. and Effros, M.},
	journal = {IEEE Trans. Inf. Theory},
	title = {The capacity region of broadcast channels with intersymbol interference and colored gaussian noise},
	year = {2001},
	month = {Jan.},
	volume = {47},
	number = {1},
	pages = {219-240}
},


@ARTICLE{Cheng2013,
	author = {X. Cheng and R. Cao and L. Yang},
	journal = {IEEE Trans. Smart Grid},
	title = {Relay-Aided Amplify-and-Forward Powerline Communications},
	year = {2013},
	month = {Mar.},
	volume = {4},
	number = {1},
	pages = {265-272}
},

@ARTICLE{Dubey2015,
	author = {Dubey, A. and Mallik, R. K. and Schober, R. S.},
	journal = {IET Commun.},
	title = {Performance analysis of a multi-hop power line communication system over log-normal fading in presence of impulsive noise},
	year = {2015},
	month = {},
	volume = {9},
	number = {1},
	pages = {1-9}
},

@ARTICLE{Dubey062015,
	author = {Dubey, A. and Mallik, R. K.},
	journal = {IEEE Trans. Commun.},
	title = {{PLC} system performance with {AF} relaying},
	year = {2015},
	month = {Jun.},
	volume = {63},
	number = {6},
	pages = {2337-2345}
},

@ARTICLE{Wu2015,
	author = {Wu, X. and Rong, Y.},
	journal = {EURASIP journal on Advances in Signal Processing},
	title = {Joint terminals and relay optimization for two-way power line information exchange systems with {QoS} constraints},
	year = {2015},
	month = {},
	volume = {2015},
	number = {84},
	pages = {1-15}
},

@ARTICLE{Khyaria2015,
	author = {Khyaria, N. and Khalfallahb, S. and Barounib, Y. and Slamac J. B. H.},
	journal = {Procedia Computer Science},
	title = {Decode and Forward Relay-Assisted Power-Line Communication},
	year = {2015},
	month = {},
	volume = {73},
	number = {},
	pages = {209-216}
},

@ARTICLE{Kim2012,
	author = {Y. H. Kim and S. Choi and S. C. Kim and J. H. Lee},
	journal = {IEEE Trans. Power Del.},
	title = {Capacity of {OFDM} Two-Hop Relaying Systems for Medium-Voltage Power-Line Access Networks},
	year = {2012},
	month = {April},
	volume = {27},
	number = {2},
	pages = {886-894}
},

@ARTICLE{Kim012012,
	author = {K. H. Kim and H. B. Lee and Y. H. Kim and J. H. Lee and S. C. Kim},
	journal = {IEEE Trans. Power Del.},
	title = {Cooperative Multihop {AF} Relay Protocol for Medium-Voltage Power-Line-Access Network},
	year = {2012},
	month = {Jan.},
	volume = {27},
	number = {1},
	pages = {195-204}
},

@ARTICLE{Rubin2016,
	author = {I. Rubin and Y. Y. Lin and D. Kofman}, 
	journal = {IEEE Trans. Commun.}, 
	title = {Optimal Relay Configuration for Power Line Communication Networks}, 
	year = {2016},
	month = {Jan},
	volume = {64}, 
	number = {1}, 
	pages = {130-140}	
},

@ARTICLE{Vidal2014,
	author = {M. V. Ribeiro and G. R. Colen and F. V. P. De Campos and Z. Quan and H. V. Poor}, 
	journal = {IET Commun.}, 
	title = {Clustered-orthogonal frequency division multiplexing for power line communication: when is it beneficial?}, 
	year = {2014},
	month = {Sep.},
	volume = {8}, 
	number = {13}, 
	pages = {2336-2347}	
},

@ARTICLE{Berger2013,
	author = {L. T. Berger and A. Schwager and J. J. E. Garz\'as}, 
	journal = {Journal of Electrical and Computer Engineering}, 
	title = {Power Line Communications for Smart Grid Applications}, 
	year = {2013},
	month = {},
	volume = {2013}, 
	number = {}, 
	pages = {1-16}	
},

@ARTICLE{Rubin2016,
	author = {I. Rubin and Y. Lin and D. Kofman}, 
	journal = {IEEE Trans. Commun.}, 
	title = {Optimal Relay Configuration for Power Line Communication Networks}, 
	year = {2016},
	month = {1},
	volume = {64}, 
	number = {1}, 
	pages = {130-140}	
},

@ARTICLE{Nikfar2017,
	author = {B. Nikfar and A. J. H. Vinck}, 
	journal = {Journal of Communications and Networks}, 
	title = {Relay selection in cooperative power line communication: A multi-armed bandit approach}, 
	year = {2017},
	month = {Feb.},
	volume = {19}, 
	number = {1}, 
	pages = {1-9}	
},

@ARTICLE{Thiago2017,
author = {T. R. Oliveira and A. A. M. Picorone and S. L. Netto and M. V. Ribeiro}, 
journal = {Electric Power Systems Research}, 
title = {Characterization of Brazilian in-home power line channels for data communication}, 
year = {2017},
month = {},
volume = {150}, 
number = {}, 
pages = {188-197}	
},





@ARTICLE{Li2016,
	author = {B. Li and Z. Fei and H. Chen}, 
	journal = {IEEE Access}, 
	title = {Robust Artificial Noise-Aided Secure Beamforming in Wireless-Powered Non-Regenerative Relay Networks}, 
	year = {2016},
	month = {},
	volume = {4}, 
	number = {}, 
	pages = {7921-7929}
},

@ARTICLE{Long2017, 
	author = {J. Long and M. Dong and K. Ota and A. Liu}, 
	journal = {IEEE Systems Journal}, 
	title = {A Green TDMA Scheduling Algorithm for Prolonging Lifetime in Wireless Sensor Networks}, 
	year = {2017},
	month = {June},
	volume = {11},
	number = {2},
	pages = {868-877}	
},

@ARTICLE{Dong2016, 
	author = {M. Dong and K. Ota and A. Liu and M. Guo}, 
	journal = {IEEE Transactions on Parallel and Distributed Systems}, 
	title = {Joint Optimization of Lifetime and Transport Delay under Reliability Constraint Wireless Sensor Networks}, 
	year = {2016},
	month = {Jan.},
	volume = {27},
	number = {1},
	pages = {225-236}
}

@ARTICLE{Dong2018, 
	author = {M. Dong and W. Li and F. Amirnavaei}, 
	journal = {IEEE Transactions on Signal Processing}, 
	title = {Online Joint Power Control for Two-Hop Wireless Relay Networks With Energy Harvesting}, 
	year = {2018},
	month = {Jan},
	volume = {66}, 
	number = {2}, 
	pages = {463-478}	
}

@ARTICLE{Wu2017, 
	author = {Y. Wu and L. P. Qian and L. Huang and X. Shen}, 
	journal = {IEEE Transactions on Green Communications and Networking}, 
	title = {Optimal Relay Selection and Power Control for Energy-Harvesting Wireless Relay Networks}, 
	year = {2017},
	month = {},
	volume = {PP}, 
	number = {99}, 
	pages = {1-10}
}

@article{Thiago2016,
	author  = {Oliveira, T. R. and Andrade, F. J. A. and Picorone, A. M. and Latchman, H. A. and Netto, S. L. and Ribeiro, M. V.},
	title   = {Characterization of Hybrid Communication Channel in Indoor Scenario},
	journal = {J. of Communication and information Systems},
	volume  = {31},
	number  = {1},
	pages   = {224-235},
	month   = {Dec.},
	year    = {2016}
}

@ARTICLE{Kiedrowski2013,
	author  = {P. Kiedrowski and B. Boryna and T. Marciniak},
	title   = {Last-mile smart grid communications based on hybrid technology as a reliable method of data acquisition and distribution},
	journal = {Rynek Energii},
	pages   = {127-132},
	month   = {Feb.},
	year    = {2013}
}



@ARTICLE{Luis2017,
	author  = {Costa, L. G. da S.  and Queiroz, A. C. M. and Adebisi, B. and Costa, V. L. R. and Ribeiro, M. V.},
	title   = {Coupling for Power Line Communications: A Survey},
	journal = {Journal of Commun. and Inf. Systems,},
	volume  = {32},
	number  = {1},
	pages   = {1-15},
	month   = {},
	year    = {2017}
}

@ARTICLE{Picorone2014, 
	author = {A. A. M. Picorone and T. R. Oliveira and M. V. Ribeiro}, 
	journal = {IEEE Latin America Transactions}, 
	title = {{PLC} Channel Estimation Based on Pilots Signal for {OFDM} Modulation: A Review}, 
	year = {2014},
	month = {June},
	volume = {12}, 
	number = {4}, 
	pages = {580-589}
}

@ARTICLE{Colen2017,
	author = {Colen, G. R. and de Oliveira, L. G. and Zeller, C. B. and Han Vinck, A. J. and Ribeiro, M. V.},
	title = {Statistical analysis and modeling of a novel parameter for resource allocation in multicarrier {PLC} systems},
	journal = {Trans. on Emerging Telecommun. Technologies},
	volume = {28},
	number = {11},
	pages = {1-12},
	year = {2017}
}

@ARTICLE{Jush2002, 
   author = {J. Khun-Jush and P. Schramm and G. Malmgren and J. Torsner}, 
	journal = {IEEE Communications Magazine}, 
	title = {HiperLAN2: broadband wireless communications at 5 GHz}, 
	year = {2002}, 
	volume = {40}, 
	number = {6}, 
	pages = {130-136},  
	month = {Jun}
}








%%%%%%%%%%%%%%%%%%%%%%%%%%%%%%%%%%%%%%%%%%%%%%%%%%%%%%%%%%%%%%%%%%%%%%%%%%%%%%%%%%%%%%%%%%%%%%%%%%%%%%%%%%%%%%%%%%%%%%%%%%%%%
%%%%%%%%%%%%%%%%%%%%%%%%%%%%%%%%%%%%%%%%%%%%%%%%%%%%%%%%%%%%%%%%%%%%%%%%%%%%%%%%%%%%%%%%%%%%%%%%%%%%%%%%%%%%%%%%%%%%%%%%%%%%%





@inproceedings{Mafra2015,
	author    = {J. Mafra and M. Hosami and L. Freitas and M. Martinelli and A. Almeida},
	title     = {Hybrid communication module - motivations, requirements, challenges and implementations},
	booktitle = {Proc. IEEE PES Innov. Smart Grid Technol. Latin Amer.},
	month     = {Oct.},
	year      = {2015},
	pages     = {25-29}
}


@inproceedings{Cataliotti2015,
	author    = {A. Cataliotti and others},
	title     = {Experimental evaluation of an hybrid communication system architecture for smart grid applications},
	booktitle = {Proc. IEEE Int. Workshop on Applied Measurements for Power Systems},
	year      = {2015},
	month     = {Sep.},
	pages     = {96-101}
}

@inproceedings{Holden2011,
	author    = {T. Holden and J. Yazdani},
	title     = {Hybrid security for hybrid vehicles exploring smart grid technology, powerline and wireless communication},
	booktitle = {Proc. IEEE PES Int. Conf. and Exhibition on Innov. Smart Grid Technol.},
	year      = {2011},
	month     = {Dec.},
	pages     = {1-5}
}

@inproceedings{Gonzalez2005,
	author    = {O. A. Gonzalez and J. Urminsky and M. Calvo and L. de Haro},
	title     = {Performance analysis of hybrid broadband access technologies using {PLC} and wi-fi},
	booktitle = {Proc. Int. Conf. on Wireless Netw., Commun. and Mobile Computing},
	volume    = {1},
	number    = {12},
	year      = {2005},
	month     = {Jun.},
	pages     = {564-569}
}

@inproceedings{Colen2013,
	author = {Colen, G. R. and Marques, C. A. G. and Oliveira, T. R. and de Campos, F. P. V. and Ribeiro, M. V.},
	booktitle = {Proc. IEEE PES Conference On Innovative Smart Grid Technologies Latin America},
	title = {Measurement setup for characterizing low-voltage and outdoor electric distribution grids for {PLC} systems},
	year = {2013},
	month = {April},
	pages = {1-5}
},

@inproceedings{Rabie2016,
	author = {K. M. Rabie and B. Adebisi and A. Salem},
	booktitle = {2016 International Symposium on Power Line Communications and its Applications (ISPLC)},
	title = {Improving energy efficiency in dual-hop cooperative {PLC} relaying systems},
	year = {2016},
	month = {March},
	pages = {196-200}
},

@inproceedings{Bakkali2016, 
	author = {W. Bakkali and P. Pagani and T. Chonavel and A. M. Tonello}, 
	booktitle = {2016 IEEE International Symposium on Power Line Communications and its Applications}, 
	title = {Energy efficiency performance of decode and forward {MIMO} relay {PLC} systems}, 
	year = {2016}, 
	month = {March},
	pages = {201-205}
},

@inproceedings{Victor2016,
	author    = {Fernandes, V. and Filomeno, M. L. and Finamore, W. A. and Ribeiro, M. V.},
	title     = {An investigation on narrow band {PLC}-wireless parallel channel capacity},
	booktitle = {Proc. XXXIV Simp\'{o}sio Brasileiro de Telecomunica\c{c}\~{o}es},
	year      = {2016},
	month     = {Sep.},
	pages     = {834-838}
}

@inproceedings{Mateus2016,
	author    = {Filomeno, M. de L. and Fernandes, V. and Campos, F. P. V. and Ribeiro, M. V.},
	title     = {An\'alise Estat\'istica da Capacidade de Canais PLC Residenciais Cooperativos Baseada no Modelo Single Relay Channel},
	booktitle = {Proc. XXXIV Simp\'{o}sio Brasileiro de Telecomunica\c{c}\~{o}es},
	year      = {2016},
	month     = {Sep.},
	pages     = {843-847}
}

@inproceedings{Giroto2016, 
	author = {L. G. de Oliveira and G. R. Colen and M. V. Ribeiro and A. J. H. Vinck}, 
	booktitle = {2016 International Symposium on Power Line Communications and its Applications (ISPLC)}, 
	title = {Narrow-band interference error correction in coded OFDM-based PLC systems}, 
	year = {2016}, 
	month = {Mar.},
	volume = {}, 
	number = {}, 
	pages = {13-18}
}




%%%%%%%%%%%%%%%%%%%%%%%%%%%%%%%%%%%%%%%%%%%%%%%%%%%%%%%%%%%%%%%%%%%%%%%%%%%%%%%%%%%%%%%%%%%%%%%%%%%%%%%%%%%%%%%%%%%%%%%%%%%%%
%%%%%%%%%%%%%%%%%%%%%%%%%%%%%%%%%%%%%%%%%%%%%%%%%%%%%%%%%%%%%%%%%%%%%%%%%%%%%%%%%%%%%%%%%%%%%%%%%%%%%%%%%%%%%%%%%%%%%%%%%%%%%
@book{Patzold,
	title = {Mobile Radio Channels},
	author = {Patzold, Matthias},
	publisher = {John Wiley $\&$ Sons, Ltd},
	edition = {2nd},
	year = {2011}
}

@book{Ford1962,
	author = {L. R. Ford and D. R. Fulkerson}, 
	title = {Flows in Networks},
	publisher = {Princeton University Press},
	year = {1962}
},

@book{Cover2006,
	author = {Cover, Thomas M. and Thomas, Joy A.},
	title = {Elements of Information Theory},
    publisher = {Wiley-Interscience},
	year = {2006}
}

@book{Hrasnica2005,
	author = {H. Hrasnica and A. Haidine and R. Lehnert}, 
	title = {Broadband Powerline Communications: Network Design.},
	publisher = {John Wiley $\&$ Sons},
	address = {New York},
	year = {2005}
},

@book{Hong2010,
	author = {Y. P. Hong and W. Huang and C. J. Kuo}, 
	title = {Cooperative Communications and Networking},
	publisher = {Springer},
	address   = {New York, NY, USA},
	year = {2010}
},

@book{Dohler2010,
	author = {M. Dohler and Y. Li}, 
	title = {Cooperative communications: hardware, channel $\&$ phy},
	publisher = {John Wiley $\&$ Sons},
	address   = {New York, NY, USA},
	year = {2010}
},

@book{Rappaport2001,
	author = {T. Rappaport},
	title = {Wireless Communications: Principles and Practice},
	year = {2001},
	edition = {2nd},
	publisher = {Prentice Hall PTR},
	address = {Upper Saddle River, NJ, USA},
} 

@book{Tse2005,
	author = {D. Tse and P. Viswanath},
	title = {Fundamentals of Wireless Communication},
	year = {2005},
	publisher = {Cambridge University Press},
	address = {New York, NY, USA},
} 


%%%%%%%%%%%%%%%%%%%%%%%%%%%%%%%%%%%%%%%%%%%%%%%%%%%%%%%%%%%%%%%%%%%%%%%%%%%%%%%%%%%%%%%%%%%%%%%%%%%%%%%%%%%%%%%%%%%%%%%%%%%%%
%%%%%%%%%%%%%%%%%%%%%%%%%%%%%%%%%%%%%%%%%%%%%%%%%%%%%%%%%%%%%%%%%%%%%%%%%%%%%%%%%%%%%%%%%%%%%%%%%%%%%%%%%%%%%%%%%%%%%%%%%%%%%
@techreport{Hiperlan2,
	author        = {J. Medbo and P. Schramm},
	title         = {Channel models for HIPERLAN/2 in different indoor scenarios},
	institution   = {ETSI EP},
	address       = {BRAN Meeting $\#$ 3},
	type          = {Technical Report 3ERI085B}
	month         = {Mar.},
	year          = {1998}
}

@article{802.15,
	author = {Andreas F. Molisch and Kannan Balakrishnan and Chia-chin Chong and Shahriar Emami and Andrew Fort and Johan Karedal and Juergen Kunisch and Hans Schantz and Ulrich Schuster and Kai Siwiak},
	year = {2004},
	month = {Jan.},
	pages = {},
	title = {{IEEE} 802. 15. 4a channel model-final report},
	volume = {15},
	journal = {IEEE P802}
}

%%%%%%%%%%%%%%%%%%%%%%%%%%%%%%%%%%%%%%%%%
% Total de Referencias Tese	-> 			%
%%%%%%%%%%%%%%%%%%%%%%%%%%%%%%%%%%%%%%%%%


%%%%%%%%%%%%%%%%%%%%%%%%%%%%%%%%%%%%%%%%%
% Artigos Revista fora do Grupo	-> 28	%
%%%%%%%%%%%%%%%%%%%%%%%%%%%%%%%%%%%%%%%%%

@ARTICLE{Galli2011,
	author = {Galli, S. and Scaglione, A. and Wang, Z.},
	journal = {Proceedings of the IEEE},
	title = {For the grid and through the grid: The role of power line communications in the smart grid},
	year = {2011},
	month = {Jun.},
	volume = {99},
	number = {6},
	pages = {998-1027}
}

@ARTICLE{Zhai:low, 
	author={M. Y. Zhai}, 
	journal={IEEE Trans. Power Del.}, 
	title={Transmission characteristics of low-voltage distribution networks in {C}hina under the smart grids environment}, 
	year={2011}, 
	volume={26}, 
	number={1}, 
	pages={173-180}, 
	month={Jan.}
}

@ARTICLE{Lazaropoulos, 
	author={A. G. Lazaropoulos and P. G. Cottis}, 
	journal={IEEE Trans. Power Del.}, 
	title={Transmission characteristics of overhead medium-voltage power-line communication channels}, 
	year={2009}, 
	volume={24}, 
	number={3}, 
	pages={1164-1173}, 
	ISSN={0885-8977}, 
	month={Jul.}
}

@ARTICLE{Aquilue, 
	author={R. Aquilue and M. Ribo and J. R. Regue and J. L. Pijoan and G. Sanchez}, 
	journal={IEEE Trans. Power Del.}, 
	title={Scattering parameters-based channel characterization and modeling for underground medium-voltage power-line communications}, 
	year={2009}, 
	volume={24}, 
	number={3}, 
	pages={1122-1131}, 
	ISSN={0885-8977}, 
	month={Jul.}
}

@article{Amirshahi:PLC, 
	author={P. Amirshahi and M. Kavehrad}, 
	journal={IEEE J. Sel. Areas Commun.}, 
	title={High-frequency characteristics of overhead multiconductor power lines for broadband communications}, 
	year={2006}, 
	volume={24}, 
	number={7}, 
	pages={1292-1303}, 
	month={Jul.}
}

@article{Tlich:Indoor, 
	author={M. Tlich and A. Zeddam and F. Moulin and F. Gauthier}, 
	journal={IEEE Trans. Power Del.}, 
	title={Indoor power-line communications channel characterization up to 100 MHz-part II: time-frequency analysis}, 
	year={2008}, 
	volume={23}, 
	number={3}, 
	pages={1402-1409}, 
	month={Jul.}
}

@article{Vallejo:Vehicle_PLC, 
	author={A. B. Vallejo-Mora and J. J. Sanchez-Martinez and F. J. Canete and J. A. Cortes and L. Diez}, 
	journal={IEEE Latin America Transactions}, 
	title={Analysis of in-vehicle power line channel response}, 
	year={2011}, 
	volume={9}, 
	number={4}, 
	pages={445-450}, 
	month={Jul.}
}

@ARTICLE{Barmada:Ships_PLC, 
	author={S. Barmada and L. Bellanti and M. Raugi and M. Tucci}, 
	journal={IEEE Trans. Veh. Technol.}, 
	title={Analysis of power-line communication channels in ships}, 
	year={2010}, 
	volume={59}, 
	number={7}, 
	pages={3161-3170}, 
	month={Sep.}
}

@ARTICLE{Gassara:Charac_PLC, 
	author={H. Gassara and F. Rouissi and A. Ghazel}, 
	journal={IEEE Trans. Electromagn. Compat.}, 
	title={Statistical characterization of the indoor low-voltage narrowband power line communication channel}, 
	year={2014}, 
	volume={56}, 
	number={1}, 
	pages={123-131}, 
	month={Jul.}
}

@article{Chrysochos:MIMO_OFDM,
	title = {Optimized {MIMO-OFDM} design for narrowband-{PLC} applications in medium-voltage smart distribution grids},
	journal = {Electric Power Systems Research},
	volume = {140},
	pages = {253-262},
	year = {2016},
	number={},
	month={Feb.},
	author = {Andreas I. Chrysochos and Theofilos A. Papadopoulos and Ahmed ElSamadouny and Grigoris K. Papagiannis and Naofal Al-Dhahir}
}

@ARTICLE{Galli:Wireline, 
	author={S. Galli}, 
	journal={IEEE Trans. Commun.}, 
	title={A novel approach to the statistical modeling of wireline channels}, 
	year={2011}, 
	volume={59}, 
	number={5}, 
	pages={1332-1345}, 
	month={May}
}

@ARTICLE{Canete:Model, 
	author={F. J. Canete and L. Diez and J. A. Cortes and J. T. Entrambasaguas}, 
	journal={IEEE Trans. Consum. Electron.}, 
	title={Broadband modelling of indoor power-line channels}, 
	year={2002}, 
	volume={48}, 
	number={1}, 
	pages={175-183},  
	month={Feb.} 
}

@ARTICLE{Canete:PLC, 
	author={F. J. Canete and J. A. Cortes and L. Diez and J. T. Entrambasaguas}, 
	journal={IEEE Commun. Mag.}, 
	title={A channel model proposal for indoor power line communications}, 
	year={2011}, 
	volume={49}, 
	number={12}, 
	pages={166-174}, 
	month={Dec.}
}

@ARTICLE{Mischa, 
	author={M. Schwartz}, 
	journal={IEEE Communications Magazine}, 
	title={Carrier-wave telephony over power lines: Early history [History of Communications]}, 
	year={2009}, 
	volume={47}, 
	number={1}, 
	pages={14-18}, 
	month={January}
}

@ARTICLE{Lai2012,
	author  = {Lai, S. W. and Messier, G. G.},
	title   = {Using the wireless and {PLC} channels for diversity},
	journal = {IEEE Trans. Commun.},
	volume  = {60},
	number  = {12},
	pages   = {3865-3875},
	month   = {Dec.},
	year    = {2012}
}

@ARTICLE{Galli:indoor, 
	author={S. Galli and T. Banwell}, 
	journal={IEEE Trans. Power Del.}, 
	title={A novel approach to the modeling of the indoor power line channel-part II: transfer function and its properties}, 
	year={2005}, 
	volume={20}, 
	number={3}, 
	pages={1869-1878},  
	month={Jul.} 
}

@ARTICLE{Chen:botu, 
	author={H. Meng and S. Chen and Y. L. Guan and C. L. Law and P. L. So and E. Gunawan and T. T. Lie}, 
	journal={IEEE Transactions on Power Delivery}, 
	title={Modeling of transfer Characteristics for the broadband power line communication channel}, 
	year={2004}, 
	volume={19}, 
	number={3}, 
	pages={1057-1064},  
	month={Jul.}
}

@ARTICLE{Anasta:botu, 
	author={D. Anastasiadou and T. Antonakopoulos}, 
	journal={IEEE Transactions on Power Delivery}, 
	title={Multipath characterization of indoor power-line networks}, 
	year={2005}, 
	volume={20}, 
	number={1}, 
	pages={90-99}, 
	month={Jan.}
}

@ARTICLE{tang:topd, 
	author={L. T. Tang and P. L. So and E. Gunawan and Y. L. Guan and S. Chen and T. T. Lie}, 
	journal={IEEE Transactions on Power Delivery}, 
	title={Characterization and modeling of in-building power lines for high-speed data transmission}, 
	year={2003}, 
	volume={18}, 
	number={1}, 
	pages={69-77}, 
	month={Jan.}
}

@ARTICLE{Zimmermann, 
	author={M. Zimmermann and K. Dostert}, 
	journal={IEEE Transactions on Communications}, 
	title={A multipath model for the powerline channel}, 
	year={2002}, 
	volume={50}, 
	number={4}, 
	pages={553-559}, 
	month={Apr.}
}

@article{vote,
	title = {Decision combination in multiple classifier systems},
	journal = {IEEE Trans. Pattern Anal. Mach. Intell.},
	author = {T. K. Ho and J. J. Hull and S. N. Srihari},
	volume = {16},
	number = {1},
	pages = {66-75},
	year = {1994},
	month = {Jan.}
}

@article{Cabral:Multi,
	title = {Multivariate measurement error models using finite mixtures of skew-{S}tudent t distributions},
	journal = {Journal of Multivariate Analysis},
	author = {C. R. B. Cabral and V. H. Lachos and C. B. Zeller},
	volume = {124},
	number={},
	pages = {179 - 198},
	year = {2014},
	month = {Feb.} 
}

@ARTICLE{CS1, 
	author={S. A. Dyer and J. S. Dyer}, 
	journal={IEEE Instrumentation Measurement Magazine}, 
	title={Cubic-spline interpolation. 1}, 
	year={2001}, 
	volume={4}, 
	number={1}, 
	pages={44-46}, 
	month={Mar.}
}

@ARTICLE{Gardner:Interpolation, 
	author={F. M. Gardner}, 
	journal={IEEE Trans, Commun.}, 
	title={Interpolation in digital modems. i. fundamentals}, 
	year={1993}, 
	volume={41}, 
	number={3}, 
	pages={501-507}, 
	month={Mar.}
}

@ARTICLE{Canete:AIPLC, 
	author={F. J. C. Corripio and J. A. C. Arrabal and L. D. del Rio and J. T. E. Munoz}, 
	journal={IEEE J. Sel. Areas Commun.}, 
	title={Analysis of the cyclic short-term variation of indoor power line channels}, 
	year={2006}, 
	volume={24}, 
	number={7}, 
	pages={1327-1338}, 
	month={Jul.} 
}

@ARTICLE{RayleighPLC, 
	author={A. Mathur and M. R. Bhatnagar and B. K. Panigrahi}, 
	journal={IEEE Communications Letters}, 
	title={{PLC} Performance Analysis Over Rayleigh Fading Channel Under Nakagami- $m$ Additive Noise}, 
	year={2014}, 
	volume={18}, 
	number={12}, 
	pages={2101-2104}, 
	month={Dec.}
}

@ARTICLE{COST, 
	author={L. Liu and C. Oestges and J. Poutanen and K. Haneda and P. Vainikainen and F. Quitin and F. Tufvesson and P. D. Doncker}, 
	journal={IEEE Wireless Communications}, 
	title={The COST 2100 MIMO channel model}, 
	year={2012}, 
	volume={19}, 
	number={6}, 
	pages={92-99}, 
	month={Dec.}
}

@ARTICLE{COSTWC, 
	author={M. Zhu and G. Eriksson and F. Tufvesson}, 
	journal={IEEE Transactions on Wireless Communications}, 
	title={The COST 2100 Channel Model: Parameterization and Validation Based on Outdoor MIMO Measurements at 300 MHz}, 
	year={2013}, 
	volume={12}, 
	number={2}, 
	pages={888-897}, 
	month={Feb.}
}

%%%%%%%%%%%%%%%%%%%%%%%%%%%%%%%%%%%%%%%%%%%%
% Artigos Conferencia fora do Grupo	-> 15  %
%%%%%%%%%%%%%%%%%%%%%%%%%%%%%%%%%%%%%%%%%%%%

@inproceedings{Sayed2014,
	author    = {Sayed, M. and Al-Dhahir, N.},
	title     = {Narrowband-{PLC}/wireless diversity for smart grid communications},
	booktitle = {Proc. IEEE Global Commun. Conf.},
	year      = {2014},
	month     = {Dec.},
	pages     = {2966-2971}
}

@INPROCEEDINGS{Zajc, 
	author={M. Zajc and N. Suljanovic and A. Mujcic and J. Tasic}, 
	booktitle={Proc. IEEE Mediterranean Electrotechnical Conf.}, 
	title={High voltage power line constraints for high speed communications}, 
	year={2004}, 
	volume={1}, 
	number={}, 
	pages={285-288}, 
	month={May}
}

@INPROCEEDINGS{Jones:Aircraft_PLC, 
	author={C. H. Jones}, 
	booktitle={Proc. IEEE Int. Symp. on Power Line Commun. Appl.}, 
	title={Communications over aircraft power lines}, 
	year={2006}, 
	volume={}, 
	number={}, 
	pages={149-154}, 
	month={}
}

@INPROCEEDINGS{zeddam1, 
	author={A. Mascco and F. Gauthier and M. Tlich and P. Pagani and A. Zeddam}, 
	booktitle={Proc. Fourth Workshop on Power Line Communications (Applications in Networking and Smart Grid)}, 
	title={Two Models for the Stationary Noise Measured on Indoor {PLC} Lines up to 500 MHz}, 
	year={2010}, 
	volume={}, 
	number={}, 
	pages={22-25},  
	month={Sep.} 
}

@INPROCEEDINGS{Cortes:PLC, 
	author={J. A. Cortes and F. J. Canete and L. D\'{i}ez and J. L. G. Moreno}, 
	booktitle={Proc. IEEE Int. Symp. on Power Line Commun. Appl.}, 
	title={On the statistical properties of indoor power line channels: measurements and models}, 
	year={2011}, 
	volume={}, 
	number={}, 
	pages={271-276}, 
	month={Apr.}
}

@INPROCEEDINGS{GalliUS, 
	author={S. Galli}, 
	booktitle={Proc. IEEE Int. Symp. on Power Line Commun. Appl.}, 
	title={A simplified model for the indoor power line channel}, 
	year={2009}, 
	volume={}, 
	number={}, 
	pages={13-19}, 
	ISSN={}, 
	month={Mar.}
}

@INPROCEEDINGS{Sayed2015,
	author = {M. Sayed and G. Sebaali and B. L. Evans and N. Al-Dhahir},
	booktitle={Proc. IEEE Int. Conf. Smart Grid Commun.}, 
	title = {Efficient diversity technique for hybrid narrowband-powerline/wireless smart grid communications},
	year = {2015},
	month = {Nov.},
	volume = {},
	number = {},
	pages = {1-6}
}

@inproceedings{Lai2010, 
	author	  = {Lai, S. W. and Messier, G. G.},
	title     = {The Wireless/Power-Line Diversity Channel},
	booktitle = {Proc. IEEE Int. Conf. on Commun.},  
	year	  = {2010},
	month	  = {May.},
	pages	  = {1-5}
}


@INPROCEEDINGS{Dorea:Sim, 
	author={C. C. Y. Dorea and C. R. Goncalves and P. A. A. Resende}, 
	booktitle={Proc. World Congress on Engineering and Computer Science}, 
	title={Simulation results for markov model seletion: {AIC, BIC and EDC}}, 
	year={2014}, 
	volume={2}, 
	number={}, 
	pages = {899-901}, 
	month={Oct.}
}

@INPROCEEDINGS{Hanzo:OFDMSync, 
	author={T. Keller and L. Hanzo}, 
	booktitle={Proc. IEEE Int. Symp. on Personal, Indoor and Mobile Radio Communications}, 
	title={Orthogonal frequency division multiplex synchronization techniques for wireless local area networks}, 
	year={1996}, 
	volume={3}, 
	number={}, 
	pages={963-967}, 
	month={Oct.} 
}

@INPROCEEDINGS{Cardoso:CEzeropad, 
	author={D. F. Cardoso and F. D. Backx and R. Sampaio-Neto}, 
	booktitle={Proc. Int. Symp. on Wireless Pervasive Computing}, 
	title={Improved pilot-aided channel estimation in zero padded {MC-CDMA} systems}, 
	year={2009}, 
	volume={}, 
	number={}, 
	pages={1-5}, 
	month={Feb.}
}

@INPROCEEDINGS{Ouzzif:CP, 
	author={M. Ouzzif and J. Le Masson}, 
	booktitle={Proc. IEEE Int. Symp. on Power Line Commun. Appl.}, 
	title={Statistical analysis of the cyclic prefix impact on indoor {PLC} capacity}, 
	year={2009}, 
	volume={}, 
	number={}, 
	pages={285-289},  
	month={Mar.} 
}

@INPROCEEDINGS{Verma, 
	author={S. Verma and P. Rana}, 
	booktitle={Proc. 2014 Innovative Applications of Computational Intelligence on Power, Energy and Controls with their impact on Humanity (CIPECH)}, 
	title={Wireless communication application in smart grid: An overview}, 
	year={2014}, 
	volume={}, 
	number={}, 
	pages={310-314}, 
	month={Nov}
}

@INPROCEEDINGS{Patel, 
	author={D. Patel and M. Won}, 
	booktitle={Proc. 2017 IEEE 85th Vehicular Technology Conference (VTC Spring)}, 
	title={Experimental Study on Low Power Wide Area Networks (LPWAN) for Mobile Internet of Things}, 
	year={2017}, 
	volume={}, 
	number={}, 
	pages={1-5}, 
	ISSN={}, 
	month={June}
}

@INPROCEEDINGS{COSTproc, 
	author={J. Poutanen and K. Haneda and Lingfeng Liu and C. Oestges and F. Tufvesson and P. Vainikainen}, 
	booktitle={Proc. Proceedings of the 5th European Conference on Antennas and Propagation (EUCAP)}, 
	title={Parameterization of the COST 2100 MIMO channel model in indoor scenarios}, 
	year={2011}, 
	volume={}, 
	number={}, 
	pages={3606-3610}, 
	month={April}
}

@INPROCEEDINGS{GSM, 
	author={G. Gu and G. Peng}, 
	booktitle={Proc. 2010 International Conference on Computer and Information Application}, 
	title={The survey of GSM wireless communication system}, 
	year={2010}, 
	volume={}, 
	number={}, 
	pages={121-124}, 
	month={Dec}
}

@INPROCEEDINGS{topd2007, 
	author={C. Konate and M. Machmoum and J. F. Diouris}, 
	booktitle={EUROCON 2007 - The International Conference on "Computer as a Tool"}, 
	title={Multi path Model for Power Line Communication Channel in the Frequency Range of 1MHz-30MHz}, 
	year={2007}, 
	volume={}, 
	number={}, 
	pages={984-989}, 
	month={Sept}
}

%%%%%%%%%%%%%%%%%%%%%%%%%%%%%%%%%%%%%%%%%%%%
% Livros ->	4  							   %
%%%%%%%%%%%%%%%%%%%%%%%%%%%%%%%%%%%%%%%%%%%%
@book{Hrasnica:PLC_design,
	author    = {H. Hrasnica and A. Haidine and R. Lehnert}, 
	title     = {Broadband PowerLine Communications Network Design},
	publisher = {John Wiley \& Sons},
	year      = {2004}
}

@book{mitra,
	author = {Sanjit K. Mitra}, 
	title = {Digital Signal Processing: A Computer-Based Approach},
	edition = {3rd},
	pages = {790-801},
	publisher = {McGraw-Hill},
	year = {2006},
	month = {Jan.}
}

@book{spline,
	author = {R. H. Bartels and J. C. Beatty and B. A. Barsky}, 
	title = {An Introduction to Splines for Use in Computer Graphics and Geometric Modelling},
	pages = {9-17},
	publisher = {Morgan Kaufmann},
	year = {1998}
}

@book{ENA,
	author = {S. D. Conte and C. De Boor}, 
	title = {Elementary Numerical Analysis: An Algorithmic Approach},
	edition = {3rd},
	pages = {286-293},
	publisher = {McGraw-Hill},
	year = {1980},
	month = {Mar.}
}

%%%%%%%%%%%%%%%%%%%%%%%%%%%%%%%%%%%%%%%%%%%%
% Teses fora do grupo -> 1				   %
%%%%%%%%%%%%%%%%%%%%%%%%%%%%%%%%%%%%%%%%%%%%

@phdthesis{Guze,
	author = {S. G\"{u}zelg\"{o}z}, 
	title = {Characterizing wireless and powerline communicarion channels with applications to smart grid networks},
	school = {University of South Florida},
	month = {Apr.},
	year = {2011}}
}




@manual{GaGe:wavegen,
	author = {Gage},
	title  = {Arbitrary waveform generator data-sheet},
	url    = {http://www.gage-applied.com/arbitrary-waveform-generators/GaGe-AWG-CG4300-4302-PCI-Data-Sheet.pdf},
	note   = {Accessed in Feb. 2018}}

@manual{GaGe:digitizer,
	author = {Gage},
	title  = {Arbitrary waveform generator data-sheet},
	url    = {http://www.gage-applied.com/digitizers/GaGe-Digitizer-RazorExpressCS-PCIe-Data-Sheet.pdf},
	note   = {Accessed in Feb. 2018}}


@ARTICLE{ZEDDAM, 
	author={M. Tlich and A. Zeddam and F. Moulin and F. Gauthier}, 
	journal={IEEE Transactions on Power Delivery}, 
	title={Indoor Power-Line Communications Channel Characterization up to 100 MHz - Part II: Time-Frequency Analysis}, 
	year={2008}, 
	volume={23}, 
	number={3}, 
	pages={1402-1409}, 
	month={Jul.}}

@ARTICLE{Nosratinia2004,
	author = {A. Nosratinia and T. E. Hunter and A. Hedayat},
	journal = {IEEE Commun. Mag},
	title = {Cooperative communication in wireless networks},
	year = {2004},
	month = {Oct.},
	volume = {42},
	number = {10},
	pages = {74-80}
}



%%%%%%%%%%%%%%%%%%%%%%%%%%%%%%%%%%%%%%%%%
% Artigos de Revista do Grupo -> 15		%
%%%%%%%%%%%%%%%%%%%%%%%%%%%%%%%%%%%%%%%%%

@article{Dib,
	author  = {L. {de M. B. A. Dib} and V. Fernandes and M. {de L. Filomeno} and M. V. Ribeiro},
	title   = {Hybrid {PLC}/wireless communication for smart grids and {Internet of Things} applications},
	journal = {IEEE Internet Things J.},
	volume  = {5},
	number  = {2},
	pages   = {655-667},
	month   = {Apr.},
	year    = {2018}
}

@ARTICLE{mateus:2018, 
	author={M. d. L. Filomeno and G. R. Colen and L. G. de Oliveira and M. V. Ribeiro}, 
	journal={IEEE Systems Journal}, 
	title={Two-Stage Single-Relay Channel Model for In-Home Broadband PLC Systems}, 
	year={2018}, 
	volume={}, 
	number={}, 
	pages={1-11}, 
	month={}
}

@ARTICLE{Michelle2016,
	author = {M. S. P. Facina and H. A. Latchman and H. V. Poor and M. V. Ribeiro},
	journal = {IEEE Trans. Commun.},
	title = {Cooperative in-home power line communication: analyses based on a measurement campaign},
	year = {2016},
	month = {Feb.},
	volume = {64},
	number = {2},
	pages = {778-789}
}

@article{Thiago:Characterization,
	title = {Characterization of {B}razilian in-home power line channels for data communication},
	journal = {Electric Power Systems Research},
	volume = {150},
	pages = {188-197},
	year = {2017},
	author = {T. R. Oliveira and A. A. M. Picorone and S. L. Netto and M. V. Ribeiro},
	number={},
	month={Sep.}
}

@article{thiago:hyb,
	author = {T. R. Oliveira and F. J. A. Andrade and A. A. M. Picorone and H. A. Latchman and S. L. Netto and M. V. Ribeiro},
	year = {2016},
	month = {Sep.},
	pages = {224},
	title = {Characterization of Hybrid Communication Channel in Indoor Scenario},
	volume = {31},
	booktitle = {Journal of Communication and Information Systems}
}

@ARTICLE{Victor2017, 
	author = {V. Fernandes and W. A. Finamore and H. V. Poor and M. V. Ribeiro}, 
	journal = {IEEE Systems Journal}, 
	title = {The Low-Bit-Rate Hybrid Power Line/Wireless Single-Relay Channel}, 
	year = {2017},
	month = {},
	volume = {PP}, 
	number = {99}, 
	pages = {1-12}
}

@ARTICLE{Victor2018, 
	author = {V. Fernandes and H. V. Poor and M. V. Ribeiro}, 
	journal = {IEEE Internet of Things Journal}, 
	title = {Analyses of the Incomplete Low-Bit-Rate Hybrid PLC-Wireless Single-Relay Channel}, 
	year = {2018},
	month = {},
	volume = {PP}, 
	number = {99}, 
	pages = {1-12}, 
}

@article{thiago:hyb2,
	title = {On the statistical characterization of hybrid PLC-wireless channels},
	journal = {Electric Power Systems Research},
	volume = {163},
	pages = {329 - 337},
	year = {2018},
	author = {T. R. Oliveira and A. A.M. Picorone and C. B. Zeller and S. L. Netto and M. V. Ribeiro}
}

@article{Colen:TCRA,
	author = {G. R. Colen and H. Schettino and D. Fernandes and L. M. Sirimarco and F. P. V. Campos and W. A. Finamore and H. A. Latchman and M. V. Ribeiro},
	journal = {Trans. Emerging Tel. Tech.},
	title = {A temporal compressive resource allocation technique for complexity reduction in {PLC} transceivers},
	year={2015},
	volume = {28},
	number = {2},
	pages = {e2951},
	month={May} 
}

@article{Luis:AI,
	author = {L. G. S. Costa and G. R. Colen and A. C. M. {de Queiroz} and V. L. R. {da Costa} and U. R. C. Vitor and F. {dos Santos} and M. V. Ribeiro},
	title = {Access impedance in {B}razilian in-home, broadband and low-voltage electric power grids},
	journal = {Electric Power Systems Research},
	year = {2018},
	volume = {},
	number = {},
	month = {},
	pages = {},
	note = {to be published}
}

@article{Thiago:FR,
	author = {T. R. Oliveira and C. A. G. Marques and W. A. Finamore and S. L. Netto and M. V. Ribeiro},
	title = {A methodology for estimating frequency responses of electric power grids},
	journal = {Journal of Control, Automation and Electrical Systems},
	year = {2014},
	volume = {25},
	number = {6},
	mouth = {Dec.},
	pages = {720-731} 
}

@ARTICLE{Moises:OFDM, 
	author={M. V. Ribeiro and G. R. Colen and F. V. P. De Campos and Z. Quan and H. V. Poor}, 
	journal={IET Communications}, 
	title={Clustered-orthogonal frequency division multiplexing for power line communication: when is it beneficial?}, 
	year={2014}, 
	volume={8}, 
	number={13}, 
	pages={2336-2347}, 
	month={Sep.} 
}

@ARTICLE{Picorone, 
	author={A. A. M. Picorone and T. R. Oliveira and M. V. Ribeiro}, 
	journal={IEEE Latin America Transactions}, 
	title={{PLC} Channel Estimation Based on Pilots Signal for {OFDM} Modulation: A Review}, 
	year={2014}, 
	volume={12}, 
	number={4}, 
	pages={580-589}, 
	month={Jun.}
}

@article{Coupling:PLC,
	author = {L. G. da S. Costa and A. C. M. de Queiroz and B. Adebisi and V. L. R. da Costa and M. V. Ribeiro},
	title = {Coupling for power line communications: a survey},
	journal = {J. Commun. Inf. Syst.},
	year = {2017},
	volume{32},
	number{1} 
}

@ARTICLE{Roberto2015,
	author = {Oliveira, R. M. and Facina, M. S. P. and Ribeiro, M. V. and Vieira, A. B.},
	journal = {Computer Networks},
	title = {Performance evaluation of in-home broadband {PLC} systems using a cooperative MAC protocol},
	year = {2015},
	month = {Dec.},
	volume = {95},
	number = {},
	pages = {62-76}
}

%%%%%%%%%%%%%%%%%%%%%%%%%%%%%%%%%%%%%%%%%
% Artigos de Conferencia do Grupo -> 5  %
%%%%%%%%%%%%%%%%%%%%%%%%%%%%%%%%%%%%%%%%%
@inproceedings{Victor2016,
	author  = {Fernandes V. and Filomeno, M. L. and Finamore, W. A. and Ribeiro, M. V.},
	title = {An investigation on narrow band {PLC}-wireless parallel channel capacity},
	booktitle = {Proc. XXXIV Simp\'{o}sio Brasileiro de Telecomunica\c{c}\~{o}es},
	year = {2016},
	month = {Sep.},
	pages = {834-838}
}

@inproceedings{Andrey2016, 
	author	  = {Camponogara, A. and Oliveira, T. R. and W. A. Finamore and Campos, F. P. V. and Ribeiro, M. V.},
	title     = {Aircraft {PLC} Channels Characterization: Initial Discussion},
	booktitle = {Proc. XXXIV Simp\'{o}sio Brasileiro de Telecomunica\c{c}\~{o}es}, 
	year	  = {2016},
	month	  = {Sep.},
	pages	  = {839-842}
}

@inproceedings{Valencia2014,
	author = {J. Valencia and T. R. Oliveira and M. V. Ribeiro},
	booktitle = {Proc. 18th IEEE International Symposium on Power Line Communications and Its Applications},
	title = {Cooperative Power Line Communication: Analysis of Brazilian In-Home Channels},
	year = {2014},
	month = {Mar.},
	pages = {301-305}
}

@inproceedings{Leo2016,
	author    = {Dib, L. de M. B. A. and Fernandes, V. and Ribeiro, M. V.},
	title     = {A discussion about hybrid {PLC}-wireless communication	for	smart grids},
	booktitle = {Proc. XXXIV Simp\'{o}sio Brasileiro de Telecomunica\c{c}\~{o}es},
	year      = {2016},
	month     = {Sep.},
	pages     = {848-852}
}

@INPROCEEDINGS{Valencia:B_PLC_Channels, 
	author={J. Valencia and T. R. Oliveira and F. J. A. Andrade and M. V. Ribeiro}, 
	booktitle={Proc. IEEE Int. Symp. on Power Line Commun. Appl.}, 
	title={Statistical analysis of {B}razilian in-home {PLC} channels: first results}, 
	year={2014}, 
	volume={}, 
	number={}, 
	pages={127-131},  
	month={Mar.}
}

%%%%%%%%%%%%%%%%%%%%%%%%%%%%%%%%%%%%%%%%%
% Teses do Grupo -> 4					%
%%%%%%%%%%%%%%%%%%%%%%%%%%%%%%%%%%%%%%%%%

@mastersthesis{Andrei:Meas,
	author = {A. Camponogara}, 
	title = {Measurement and characterization of aircraft {PLC} channels},
	school = {Federal University of Juiz de Fora},
	month = {Aug.},
	year = {2016}
}

@phdthesis{Luis:doc,
	author = {L. G. S. Costa}, 
	title = {Non-Adaptive and Adaptive Coupling Circuits for Power Line Communication System},
	school = {Federal University of Juiz de Fora},
	month = {Sep.},
	year = {2017}}
}

@mastersthesis{Michele:mt,
	author = {M. S. P. Facina}, 
	title = {Cooperative in-home power line communication: analyses based on a measurement campaign},
	school = {Federal University of Juiz de Fora},
	month = {May},
	year = {2015}
}

@phdthesis{thiago:doc,
	author = {T. R. Oliveira}, 
	title = {The characterization of hybrid {PLC}-wireless and {PLC} channels in the frequency band between 1.7 and 100 MHz for data communication},
	school = {Federal University of Juiz de Fora},
	month = {Mar.},
	year = {2015}}
}

%%%%%%%%%%%%%%%%%%%%%%%%%%%%%%%%%%%%%%%%%%%%
% Outros -> 2							   %
%%%%%%%%%%%%%%%%%%%%%%%%%%%%%%%%%%%%%%%%%%%%

@standard{Anatel:PLC,
	title         = {Brazilian resolution for {PLC}},
	organization  = {ANATEL},
	number        = {527},
	year          = {2009}
}

@ARTICLE{IEEEWI, 
	author={}, 
	journal={IEEE Std 802.11-2016 (Revision of IEEE Std 802.11-2012)}, 
	title={IEEE Standard for Information technology--Telecommunications and information exchange between systems Local and metropolitan area networks--Specific requirements - Part 11: Wireless LAN Medium Access Control (MAC) and Physical Layer (PHY) Specifications}, 
	year={2016}, 
	volume={}, 
	number={}, 
	pages={1-3534}, 
	month={Dec.}
}